% Encoding: UTF-8

@Book{Decker,
  title     = {Maschinen Elemente Funktion, Gestaltung und Berechnung},
  publisher = {Carl Hanser Verlag MÃ¼nchen},
  year      = {2014},
  author    = {Studiendirektor i. R. Karl-Heinz Decker, Studiendirektor i. R. Dipl.-Ing Kabus},
}

@Comment{jabref-meta: databaseType:bibtex;}
