% Encoding: UTF-8

@Online{HBridge,
  author = {Lewis Loflin},
  title  = {H-Bridge Motor Control with Power MOSFETS},
  url    = {http://www.bristolwatch.com/ele/h_bridge.htm},
}

@Comment{jabref-meta: databaseType:bibtex;}
