% Encoding: UTF-8

@Book{Decker,
  title     = {Maschinen Elemente Funktion, Gestaltung und Berechnung},
  publisher = {Carl Hanser Verlag München},
  year      = {2014},
  author    = {Studiendirektor i. R. Karl-Heinz Decker, Studiendirektor i. R. Dipl.-Ing Kabus},
}

@Online{Kettenrad,
  author  = {Võ Phú},
  title   = {[Tutorial] Chain Animation - Inventor Studio | HD 720p},
  date    = {2013-07-16},
  url     = {https://www.youtube.com/watch?v=uTBPHm8wWUI&t=625s},
  urldate = {2018-01-10},
}

@Book{Anhang,
  title     = {Maschinen Elemente Funktion, Tabellen und Diagramme},
  publisher = {Carl Hanser Verlag München},
  year      = {2014},
  author    = {Studiendirektor i. R. Karl-Heinz Decker, Studiendirektor i. R. Dipl.-Ing Kabus},
}

@Online{Vergleichsspannung,
  title   = {Vergleichsspannung},
  url     = {http://vergleichsspannung.de/glossar/flaechentraegheitsmoment/},
  urldate = {2018-02-15},
}

@Comment{jabref-meta: databaseType:bibtex;}
